@INPROCEEDINGS{Bol_2012, 
author={J. B. Castro and R. G. Crespo}, 
booktitle={2012 Workshop on Engineering Applications}, 
title={A software architecture proposal artistic engineering environment -AEE-sandro}, 
year={2012}, 
pages={1-6}, 
keywords={programming environments;software architecture;Artistic Engineering Environment framework;service-centered components;software architecture;software development;software engineering;Architecture;Art;Color;Computer architecture;Java;Robustness;Software;Software engineering;architecture;art;framework}, 
doi={10.1109/WEA.2012.6220080}, 
month={May},}
@ARTICLE{Sal_2017, 
author={F. Salgado and T. Gomes and S. Pinto and J. Cabral and A. Tavares}, 
journal={IEEE Embedded Systems Letters}, 
title={Condition Codes Evaluation on Dynamic Binary Translation for Embedded Platforms}, 
year={2017}, 
volume={PP}, 
number={99}, 
pages={1-1}, 
keywords={Computer architecture;Embedded systems;Emulation;Engines;Hardware;Monitoring;Condition Codes;DBT;Debug Monitor.;Embedded Systems;Lazy Evaluation}, 
doi={10.1109/LES.2017.2718531}, 
ISSN={1943-0663}, 
month={},}