@book{Bol_2016,
	author = {Bolanos, S},
	title = {Metaproceso de Software},
	date = {2016},
}
